@Article{MiechPooling,
author = {Antoine Miech and Ivan Laptev and Josef Sivic },
title = {Learnable pooling with context gating for video classification},
journal = {arXiv preprint arXiv:1706.06905},
year = {2017},
}


@online{impattoDirittiTv,
  author = {Calcio\&Finanza},
  title = {Serie A, lâ€™impatto dei diritti tv: ecco quanto valgono i soldi delle televisioni per i club},
  year = 2017,
  url = {https://www.calcioefinanza.it/2017/06/14/impatto-diritti-tv-ricavi-serie-a-fatturato},
  urldate = {2019-09-11}
}

@online{DirittiTriennio2018-21,
  author = {Calcio\&Finanza},
  title = {Ufficiale, i diritti tv della Serie A 2018-2021 assegnati a Sky e Perform},
  year = 2018,
  url = {https://www.calcioefinanza.it/2018/06/13/diritti-tv-assegnati-sky-perform-serie-a-preziosi/},
  urldate = {2019-09-11}
}

@InProceedings{soccerNet,
  author = {Giancola, Silvio and Amine, Mohieddine and Dghaily, Tarek and Ghanem, Bernard},
  title = {SoccerNet: A Scalable Dataset for Action Spotting in Soccer Videos},
  booktitle = {The IEEE Conference on Computer Vision and Pattern Recognition (CVPR) Workshops},
  month = {June},
  year = {2018}
}

@book{DeepLearningPython,
title={Deep Learning with Python},
author={Francois Chollet},
publisher={Manning Publications},
year={2017}
}

@misc{chollet2015keras,
  title={Keras},
  author={Chollet, Fran\c{c}ois and others},
  year={2015},
  publisher={GitHub},
  howpublished={\url{https://github.com/fchollet/keras}},
}

@misc{tensorflow2015-whitepaper,
title={ {TensorFlow}: Large-Scale Machine Learning on Heterogeneous Systems},
url={https://www.tensorflow.org/},
note={Software available from tensorflow.org},
author={
    Mart\'{\i}n~Abadi and
    Ashish~Agarwal and
    Paul~Barham and
    Eugene~Brevdo and
    Zhifeng~Chen and
    Craig~Citro and
    Greg~S.~Corrado and
    Andy~Davis and
    Jeffrey~Dean and
    Matthieu~Devin and
    Sanjay~Ghemawat and
    Ian~Goodfellow and
    Andrew~Harp and
    Geoffrey~Irving and
    Michael~Isard and
    Yangqing Jia and
    Rafal~Jozefowicz and
    Lukasz~Kaiser and
    Manjunath~Kudlur and
    Josh~Levenberg and
    Dandelion~Man\'{e} and
    Rajat~Monga and
    Sherry~Moore and
    Derek~Murray and
    Chris~Olah and
    Mike~Schuster and
    Jonathon~Shlens and
    Benoit~Steiner and
    Ilya~Sutskever and
    Kunal~Talwar and
    Paul~Tucker and
    Vincent~Vanhoucke and
    Vijay~Vasudevan and
    Fernanda~Vi\'{e}gas and
    Oriol~Vinyals and
    Pete~Warden and
    Martin~Wattenberg and
    Martin~Wicke and
    Yuan~Yu and
    Xiaoqiang~Zheng},
  year={2015},
}
